@Article{coutinho_et_al:14,
  author = {Emanuel F. Coutinho AND Danielo G. Gomes AND Jose Neuman de Souza},
  title = {Uma Proposta de Arquitetura Autonomica para Elasticidade ˆ
em Computac¸ao em Nuvem},
  year = {2014},
  journal = {Anais do Simpósio Brasileiro de Redes de Computadores e Sistemas Distribuídos SBRC 2014}
}

@online{dev_midia,
  author = {Infra Magazine},
  title  = {Hypervisor: Segurança em ambientes virtualizados},
  date   = {},
  edition = {17},
  url    = {http://www.devmedia.com.br/hypervisor-seguranca-em-ambientes-virtualizados/30993}
}

@Article{nurmi_2009,
  author = {Nurmi, D. AND Wolski, R. AND Grzegorczyk, C. AND Obertelli, G. AND Soman, S. AND Youseff, L. AND Zagorodnov, D.},
  title = {The Eucalyptus Open-Source Cloud-Computing System},
  year = {2009},
  journal = {Cluster Computing and the Grid, 2009. CCGRID '09. 9th IEEE/ACM International Symposium on}
}

@Article{sugerman2001virtualizing,
  author = {Sugerman AND Jeremy AND Venkitachalam Ganesh AND Lim AND Beng-Hong},
  title = {Virtualizing I/O Devices on VMware Workstation's Hosted Virtual Machine Monitor},
  year = {2001},
  journal = {USENIX Annual Technical Conference, General Track}
}
